<?xml version="1.0" encoding="UTF-8"?><collection xmlns="http://www.loc.gov/MARC21/slim"><record><leader>00502nam--2200181-i-4500</leader><controlfield tag="001">000024676</controlfield><controlfield tag="002">20161230</controlfield><controlfield tag="005">20161230201035</controlfield><controlfield tag="008">060222s1000------------r-----000-0-rum-d</controlfield><datafield ind1=" " ind2=" " tag="040"><subfield code="a">IFIN-HH</subfield></datafield><datafield ind1=" " ind2=" " tag="041"><subfield code="a">rum</subfield></datafield><datafield ind1=" " ind2=" " tag="080"><subfield code="a">518.4</subfield></datafield><datafield ind1=" " ind2="1" tag="100"><subfield code="a">Hasigan, D. Si Marinescu, I</subfield></datafield><datafield ind1="1" ind2="0" tag="245"><subfield code="a">Grafice si elemente de calcul grafice. metode si aplicatii</subfield><subfield code="c">D. hasigan; i. marinescu</subfield></datafield><datafield ind1=" " ind2=" " tag="260"><subfield code="a">Bucuresti, Editura Stiintifica, 1968</subfield></datafield><datafield ind1=" " ind2=" " tag="300"><subfield code="a">347 P</subfield></datafield><datafield ind1=" " ind2=" " tag="852"><subfield code="a">80742</subfield><subfield code="c">518.2</subfield></datafield><datafield ind1=" " ind2=" " tag="CAT"><subfield code="a">Sys</subfield><subfield code="c">20100512</subfield><subfield code="h">131334</subfield></datafield></record></collection>